<record><leader>00000cas a22000007a 4500</leader><controlfield tag="001">12351802</controlfield><controlfield tag="008">850806d18721872couwr n       0    0eng d</controlfield><controlfield tag="009">2370</controlfield><datafield ind1=" " ind2=" " tag="010"><subfield code="a">sn 89048267 </subfield></datafield><datafield ind1=" " ind2=" " tag="040"><subfield code="a">DPL</subfield><subfield code="b">eng</subfield><subfield code="c">DPL</subfield><subfield code="d">DLC</subfield><subfield code="d">CNK</subfield><subfield code="d">CNW</subfield><subfield code="d">DLC</subfield><subfield code="d">OCLCF</subfield></datafield><datafield ind1=" " ind2=" " tag="019"><subfield code="a">13187605</subfield></datafield><datafield ind1="1" ind2=" " tag="029"><subfield code="a">AU@</subfield><subfield code="b">000020590817</subfield></datafield><datafield ind1=" " ind2=" " tag="042"><subfield code="a">msc</subfield></datafield><datafield ind1=" " ind2=" " tag="043"><subfield code="a">n-us-co</subfield></datafield><datafield ind1="0" ind2="0" tag="050"><subfield code="a">Newspaper</subfield></datafield><datafield ind1="0" ind2=" " tag="130"><subfield code="a">Out West (Colorado Springs, Colo. : 1872)</subfield></datafield><datafield ind1="1" ind2="0" tag="245"><subfield code="a">Out West.</subfield></datafield><datafield ind1=" " ind2=" " tag="260"><subfield code="a">Colorado Springs, C.T. :</subfield><subfield code="b">J.E. Liller,</subfield><subfield code="c">1872.</subfield></datafield><datafield ind1=" " ind2=" " tag="300"><subfield code="a">1 v.</subfield></datafield><datafield ind1=" " ind2=" " tag="310"><subfield code="a">Weekly</subfield></datafield><datafield ind1="0" ind2=" " tag="362"><subfield code="a">Vol. 1, no. 1 (Mar. 23, 1872)-v. 1, no. 36 (Dec. 26, 1872).</subfield></datafield><datafield ind1=" " ind2=" " tag="515"><subfield code="a">Issued in 2 editions: local and general.</subfield></datafield><datafield ind1=" " ind2=" " tag="530"><subfield code="a">Available on microfilm from the Colorado State Historical Society.</subfield></datafield><datafield ind1=" " ind2=" " tag="515"><subfield code="a">None published Mar. 30, May 2, Aug. 29, Oct. 24, Dec. 19.</subfield></datafield><datafield ind1=" " ind2=" " tag="580"><subfield code="a">Split into: Out West (Colorado Springs, Col. : 1873), and: Colorado Springs gazette and El Paso County news.</subfield></datafield><datafield ind1=" " ind2="0" tag="651"><subfield code="a">Rocky Mountains Region</subfield><subfield code="v">Newspapers.</subfield></datafield><datafield ind1=" " ind2="0" tag="651"><subfield code="a">Colorado Springs (Colo.)</subfield><subfield code="v">Newspapers.</subfield></datafield><datafield ind1=" " ind2="0" tag="651"><subfield code="a">El Paso County (Colo.)</subfield><subfield code="v">Newspapers.</subfield></datafield><datafield ind1=" " ind2="7" tag="655"><subfield code="a">Newspapers.</subfield><subfield code="2">fast</subfield><subfield code="0">(OCoLC)fst01423814</subfield></datafield><datafield ind1=" " ind2="7" tag="651"><subfield code="a">Colorado</subfield><subfield code="z">Colorado Springs.</subfield><subfield code="2">fast</subfield><subfield code="0">(OCoLC)fst01205930</subfield></datafield><datafield ind1=" " ind2="7" tag="651"><subfield code="a">Colorado</subfield><subfield code="z">El Paso County.</subfield><subfield code="2">fast</subfield><subfield code="0">(OCoLC)fst01212952</subfield></datafield><datafield ind1=" " ind2="7" tag="651"><subfield code="a">Rocky Mountains Region.</subfield><subfield code="2">fast</subfield><subfield code="0">(OCoLC)fst01349475</subfield></datafield><datafield ind1=" " ind2=" " tag="752"><subfield code="a">United States</subfield><subfield code="b">Colorado</subfield><subfield code="c">El Paso</subfield><subfield code="d">Colorado Springs.</subfield></datafield><datafield ind1="1" ind2="6" tag="785"><subfield code="t">Out West (Colorado Springs, Col. : 1873)</subfield><subfield code="w">(OCoLC)12354039</subfield></datafield><datafield ind1="1" ind2="6" tag="785"><subfield code="t">Colorado Springs gazette and El Paso County news</subfield><subfield code="w">(DLC)sn 82016431</subfield><subfield code="w">(OCoLC)9321783</subfield></datafield></record>